@ARTICLE{bernshtein1917,
	title      = {An attempt to axiomatize the foundations of the theory of probability (in Russian)},
	author     = {Bernshtein, S. N.},
	journal    = {Soobshch. Khar'k. matem. ob-va},
	volume     = {15},
	pages      = {209--274},
	year       = {1917},
	language   = {Russian}
}

@BOOK{kolmogorov1950foundations,
	title      = {Foundations of the Theory of Probability},
	author     = {Kolmogorov, A.N.},
	year       = {1950},
	publisher  = {Chelsea Publishing Company}
	address    = {New York}
}

@ARTICLE{bayes1763lii,
	author  = {{Bayes}, Mr. and {Price}, Mr.},
	title   = "{An Essay towards Solving a Problem in the Doctrine of Chances. By the Late Rev. Mr. Bayes, F. R. S. Communicated by Mr. Price, in a Letter to John Canton, A. M. F. R. S.}",
	journal = {Philosophical Transactions of the Royal Society of London Series I},
	year    = 1763,
	month   = jan,
	volume  = {53},
	pages   = {370-418},
	adsurl  = {https://ui.adsabs.harvard.edu/abs/1763RSPT...53..370B},
	adsnote = {Provided by the SAO/NASA Astrophysics Data System}
}

@BOOK{jeffreys1998theory,
	title     = {Theory of Probability},
	author    = {Jeffreys, H.},
	series    = {International series of monographs on physics},
	year      = {1998},
	publisher = {Clarendon Press}
}

@ARTICLE{heisenberg1927anschaulichen,
	author  = {{Heisenberg}, W.},
	title   = "{{\"U}ber den anschaulichen Inhalt der quantentheoretischen Kinematik und Mechanik}",
	journal = {Zeitschrift fur Physik},
	year    = 1927,
	month   = mar,
	volume  = {43},
	number  = {3-4},
	pages   = {172-198},
	doi     = {10.1007/BF01397280},
	adsurl  = {https://ui.adsabs.harvard.edu/abs/1927ZPhy...43..172H},
	adsnote = {Provided by the SAO/NASA Astrophysics Data System}
}

@BOOK{ross2019introduction,
	title     = {Introduction to Probability Models},
	author    = {Ross, S.M.},
	year      = {2019},
	publisher = {Elsevier Science}
}

@MISC{siegrist2019random,
	title        = {Random: Probability, Mathematical Statistics, Stochastic Processes},
	author       = {Siegrist, K},
	year         = {2019},
	howpublished = {\url{https://www.randomservices.org/random/}}
}

@BOOK{wilks1947mathematical,
	title     = {Mathematical Statistics},
	author    = {Wilks, S.S.},
	year      = {1947},
	publisher = {Princeton University Press}
}

@ARTICLE{thomson1897xl,
	author    = {J. J. Thomson},
	title     = {XL. Cathode Rays },
	journal   = {The London, Edinburgh, and Dublin Philosophical Magazine and Journal of Science},
	volume    = {44},
	number    = {269},
	pages     = {293--316},
	year      = {1897},
	publisher = {Taylor \& Francis},
	doi = {10.1080/14786449708621070},
}

@article{pearson1903laws,
	author    = {Karl Pearson and Alice Lee},
	journal   = {Biometrika},
	number    = {4},
	pages     = {357--462},
	publisher = {JSTOR},
	title     = {On the Laws of Inheritance in Man: I. Inheritance of Physical Characters},
	volume    = {2},
	year      = {1903}
}

@article{metropolis1949,
	author    = {Nicholas Metropolis and S. Ulam},
	title     = {The Monte Carlo Method},
	journal   = {Journal of the American Statistical Association},
	volume    = {44},
	number    = {247},
	pages     = {335--341},
	year      = {1949},
	publisher = {Taylor \& Francis},
	doi       = {10.1080/01621459.1949.10483310},
}

@article{metropolis1953,
	author   = {Metropolis, Nicholas and Rosenbluth, Arianna W. and Rosenbluth, Marshall N. and Teller, Augusta H. and Teller, Edward},
	title    = {Equation of State Calculations by Fast Computing Machines},
	journal  = {The Journal of Chemical Physics},
	volume   = {21},
	number   = {6},
	pages    = {1087-1092},
	year     = {1953},
	month    = {06}
	doi      = {10.1063/1.1699114},
}







